@Article{ICDT19,
  author       = "Antoine Amarilli and Pierre Bourhis and Stefan Mengel
                 and Matthias Niewerth",
  title        = "Constant-Delay Enumeration for Nondeterministic
                 Document Spanners",
  journal      = "CoRR",
  volume       = "abs/1807.09320",
  year         = "2018",
  URL          = "http://arxiv.org/abs/1807.09320",
  archiveprefix = "arXiv",
  eprint       = "1807.09320",
  timestamp    = "Mon, 13 Aug 2018 16:48:13 +0200",
  biburl       = "https://dblp.org/rec/bib/journals/corr/abs-1807-09320",
  bibsource    = "dblp computer science bibliography, https://dblp.org",
}

@Article{freydenberger:LIPIcs:2017,
  author       = "Dominik D. Freydenberger",
  title        = "{A Logic for Document Spanners}",
  booktitle    = "20th International Conference on Database Theory (ICDT
                 2017)",
  pages        = "13:1--13:18",
  series       = "Leibniz International Proceedings in Informatics
                 (LIPIcs)",
  ISBN         = "978-39597-7-0-2-4-8",
  ISSN         = "1868-8969",
  year         = "2017",
  volume       = "68",
  editor       = "Michael Benedikt and Giorgio Orsi",
  publisher    = "Schloss Dagstuhl--Leibniz-Zentrum fuer Informatik",
  address      = "Dagstuhl, Germany",
  URL          = "http://drops.dagstuhl.de/opus/volltexte/2017/7049",
  URN          = "urn:nbn:de:0030-drops-70493",
  DOI          = "10.4230/LIPIcs.ICDT.2017.13",
  annote       = "Keywords: information extraction, document spanners,
                 word equations, regex, descriptional complexity",
}

@Article{cox2007regular,
  title        = "Regular expression matching can be simple and fast
                 (but is slow in java, perl, php, python, ruby,...)",
  author       = "Russ Cox",
  journal      = "URL: \url{http://swtch.com/~rsc/regexp/regexp1.html}",
  year         = "2007",
}

@Article{thompson1968programming,
  title        = "Programming techniques: Regular expression search
                 algorithm",
  author       = "Ken Thompson",
  journal      = "Communications of the ACM",
  volume       = "11",
  number       = "6",
  pages        = "419--422",
  year         = "1968",
  publisher    = "ACM",
}
